@inproceedings{terrace2009object,
  title={Object Storage on CRAQ: High-Throughput Chain Replication for Read-Mostly Workloads.},
  author={Terrace, Jeff and Freedman, Michael J},
  booktitle={USENIX Annual Technical Conference},
  year={2009},
  organization={San Diego, CA}
}

@inproceedings{decandia2007dynamo,
  title={Dynamo: amazon's highly available key-value store},
  author={DeCandia, Giuseppe and Hastorun, Deniz and Jampani, Madan and Kakulapati, Gunavardhan and Lakshman, Avinash and Pilchin, Alex and Sivasubramanian, Swaminathan and Vosshall, Peter and Vogels, Werner},
  booktitle={ACM SIGOPS Operating Systems Review},
  volume={41},
  number={6},
  pages={205--220},
  year={2007},
  organization={ACM}
}
